% This file was created with JabRef 2.10.
% Encoding: UTF8

@online{ref01,
	title={AWS IoT TwinMaker},
	author={Amazon Web Services, Inc.},
	year={2023},
	publisher={Amazon Web Services, Inc.},
	url={https://aws.amazon.com/iot-twinmaker/},
	urldate={2023-04-19},
}

@online{ref02,
	title={Device communication protocols},
	author={Amazon Web Services, Inc.},
	year={2023},
	publisher={Amazon Web Services, Inc.},
	url={https://docs.aws.amazon.com/iot/latest/developerguide/protocols.html},
	urldate={2023-04-19},
}

@online{ref03,
	title={AWS IoT Device Management},
	author={Amazon Web Services, Inc.},
	year={2023},
	publisher={Amazon Web Services, Inc.},
	url={https://aws.amazon.com/iot-device-management/},
	urldate={2023-04-19},
}